@incollection{MF4,
  publisher={Department of Mathematics, University of Oslo},
  author        = {Michael S. Floater
},
  title         = {Lecture 4, Gram-Schmidt, QR solution to least
squares},
  month         = {September 4},
  year          = {2017},
}

@incollection{MF3,
  publisher={Department of Mathematics, University of Oslo},
  author        = {Michael S. Floater
},
  title         = {Lecture 3: Cholesky and QR},
  month         = {September 19},
  year          = {2017},
}

@incollection{AP,
  publisher={Department of Mathematics, University of Oslo},
  author        = {Unkown Author},
  title         = {MAT3110, Autumn 2019, Compulsory
assignment 1},
  month         = {-},
  year          = {-},
}

@incollection{Ascher,
pages = {141--166},
publisher = {Society for Industrial and Applied Mathematics},
booktitle = {A First Course on Numerical Methods},
isbn = {9780898719970},
year = {2011},
title = {Linear Least Squares Problems},
language = {eng},
author = {Ascher, Uri M. and Greif, Chen},
}